@misc{aauw2025simpletruth,
  title = {The Simple Truth About the Gender Pay Gap 2025},
  author = {{American Association of University Women}},
  year = {2025},
  url = {https://www.aauw.org/resources/research/simple-truth/}
}

@misc{aauw2025state,
  title = {Gender Pay Gap by State},
  author = {{American Association of University Women}},
  year = {2025},
  url = {https://www.aauw.org/resources/article/gender-pay-gap-by-state/}
}

@techreport{bls2025cps,
  title = {CPS Table A-11: Employed persons by detailed occupation, sex, race, and Hispanic or Latino ethnicity (Annual Averages, 2024)},
  institution = {U.S. Bureau of Labor Statistics},
  year = {2025},
  url = {https://www.bls.gov/cps/cpsaat11.htm}
}

@techreport{iwpr2024gap,
  title = {Gender and Racial Wage Gaps Worsened in 2023 and Pay Equity Still Decades Away},
  institution = {Institute for Women's Policy Research},
  year = {2024},
  url = {https://iwpr.org/wp-content/uploads/2024/09/IWPR-National-Wage-Gap-Fact-Sheet-2024.pdf}
}

@misc{pew2025gap,
  title = {Gender pay gap in U.S. has narrowed slightly over 2 decades},
  author = {{Pew Research Center}},
  year = {2025},
  url = {https://www.pewresearch.org/short-reads/2025/03/04/gender-pay-gap-in-us-has-narrowed-slightly-over-2-decades/}
}

@techreport{oecd2024algorithm,
  title = {Algorithm and Eve: How AI Will Impact Women at Work},
  institution = {OECD},
  year = {2024},
  url = {https://www.oecd.org/content/dam/oecd/en/publications/reports/2024/12/algorithm-and-eve_0e889c45/a1603510-en.pdf}
}

@techreport{ilo2023genai,
  title = {Generative AI and Jobs: A Global Analysis of Potential Effects},
  institution = {International Labour Organization},
  year = {2023},
  url = {https://www.ilo.org/sites/default/files/wcmsp5/groups/public/%40dgreports/%40inst/documents/publication/wcms_890761.pdf}
}

@techreport{ilo2025exposure,
  title = {Generative AI and Jobs: A Refined Global Index of Occupational Exposure},
  institution = {International Labour Organization},
  year = {2025},
  url = {https://www.ilo.org/publications/generative-ai-and-jobs-refined-global-index-occupational-exposure}
}

@techreport{wef2025ggg,
  title = {Global Gender Gap Report 2025},
  institution = {World Economic Forum},
  year = {2025},
  url = {https://reports.weforum.org/docs/WEF_GGGR_2025.pdf}
}

@article{mas2014transparency,
  title = {Does Transparency Lead to Pay Compression?},
  author = {Mas, Alexandre},
  year = {2014},
  institution = {National Bureau of Economic Research},
  url = {https://www.nber.org/system/files/working_papers/w20558/w20558.pdf}
}

@techreport{cullen2021,
  title = {Equilibrium Effects of Pay Transparency},
  author = {Cullen, Zoe and Pakzad-Hurson, Bobby},
  year = {2021},
  institution = {National Bureau of Economic Research},
  url = {https://www.nber.org/system/files/working_papers/w28903/revisions/w28903.rev0.pdf}
}

@techreport{cullen2023,
  title = {Is Pay Transparency Good?},
  author = {Cullen, Zoe},
  year = {2023},
  institution = {National Bureau of Economic Research},
  url = {https://www.nber.org/system/files/working_papers/w31060/w31060.pdf}
}

@article{maume2015state,
  title = {State liberalism, female supervisors, and the gender wage gap},
  author = {Maume, David J.},
  journal = {Social Science Research},
  year = {2015}
}

@misc{washingtonpost2025rto,
  title = {Women are taking pay cuts as companies mandate return to office},
  author = {{The Washington Post}},
  year = {2025},
  url = {https://www.washingtonpost.com/business/2025/10/11/rto-mandates-gender-wage-gap/}
}

@misc{newsweek2025gap,
  title = {America’s Gender Pay Gap Going In Wrong Direction},
  author = {{Newsweek}},
  year = {2025},
  url = {https://www.newsweek.com/americas-gender-pay-gap-going-wrong-direction-10739408}
}

@misc{aei,
  title = {American Enterprise Institute — Gender pay gap commentary archive},
  author = {{American Enterprise Institute}},
  year = {2021},
  url = {https://www.aei.org/}
}

@misc{heritage,
  title = {Making Sense of the Wage Gap},
  author = {{Heritage Foundation}},
  year = {2024},
  url = {https://www.heritage.org/jobs-and-labor/commentary/making-sense-the-wage-gap}
}
